

@ARTICLE{bak+07,
   author = {{Bakos}, G.~{\'A}. and {Kov{\'a}cs}, G. and {Torres}, G. and 
	{Fischer}, D.~A. and {Latham}, D.~W. and {Noyes}, R.~W. and 
	{Sasselov}, D.~D. and {Mazeh}, T. and {Shporer}, A. and {Butler}, R.~P. and 
	{Stefanik}, R.~P. and {Fern{\'a}ndez}, J.~M. and {et al.}},
    title = "{HD 147506b: A Supermassive Planet in an Eccentric Orbit Transiting a Bright Star}",
  journal = {ApJ},
archivePrefix = "arXiv",
   eprint = {0705.0126},
 keywords = {Stars: Planetary Systems, stars: individual (HD 147506)},
     year = 2007,
    month = nov,
   volume = 670,
    pages = {826-832},
      doi = {10.1086/521866},
   adsurl = {http://adsabs.harvard.edu/abs/2007ApJ...670..826B},
  adsnote = {Provided by the SAO/NASA Astrophysics Data System}
}

@ARTICLE{jen+10,
   author = {{Jenkins}, J.~M. and {Caldwell}, D.~A. and {Chandrasekaran}, H. and 
	{Twicken}, J.~D. and {Bryson}, S.~T. and {Quintana}, E.~V. and 
	{Clarke}, B.~D. and {Li}, J. and {Allen}, C. and {Tenenbaum}, P. and 
	{Wu}, H. and {Klaus}, T.~C. and {Middour}, C.~K. and {et al.}},
    title = "{Overview of the Kepler Science Processing Pipeline}",
  journal = {ApJL},
archivePrefix = "arXiv",
   eprint = {1001.0258},
 primaryClass = "astro-ph.EP",
 keywords = {methods: data analysis, techniques: photometric},
     year = 2010,
    month = apr,
   volume = 713,
    pages = {L87-L91},
      doi = {10.1088/2041-8205/713/2/L87},
   adsurl = {http://adsabs.harvard.edu/abs/2010ApJ...713L..87J},
  adsnote = {Provided by the SAO/NASA Astrophysics Data System}
}

@ARTICLE{kov+05,
   author = {{Kov{\'a}cs}, G. and {Bakos}, G. and {Noyes}, R.~W.},
    title = "{A trend filtering algorithm for wide-field variability surveys}",
  journal = {MNRAS},
   eprint = {astro-ph/0411724},
 keywords = {methods: data analysis, surveys, planetary systems, stars: variables: other},
     year = 2005,
    month = jan,
   volume = 356,
    pages = {557-567},
      doi = {10.1111/j.1365-2966.2004.08479.x},
   adsurl = {http://adsabs.harvard.edu/abs/2005MNRAS.356..557K},
  adsnote = {Provided by the SAO/NASA Astrophysics Data System}
}

@ARTICLE{mcq+14,
   author = {{McQuillan}, A. and {Mazeh}, T. and {Aigrain}, S.},
    title = "{Rotation Periods of 34,030 Kepler Main-Sequence Stars: The Full Autocorrelation Sample}",
  journal = {ApJ},
archivePrefix = "arXiv",
   eprint = {1402.5694},
 primaryClass = "astro-ph.SR",
 keywords = {Astrophysics - Solar and Stellar Astrophysics},
     year = 2014,
    month = feb,
   volume = {in press},
   adsurl = {http://adsabs.harvard.edu/abs/2014arXiv1402.5694M},
  adsnote = {Provided by the SAO/NASA Astrophysics Data System}
}

@ARTICLE{mcq+13b,
   author = {{McQuillan}, A. and {Mazeh}, T. and {Aigrain}, S.},
    title = "{Stellar Rotation Periods of the Kepler Objects of Interest: A Dearth of Close-in Planets around Fast Rotators}",
  journal = {ApJL},
archivePrefix = "arXiv",
   eprint = {1308.1845},
 primaryClass = "astro-ph.EP",
 keywords = {methods: observational, planets and satellites: dynamical evolution and stability, planet-star interactions, stars: rotation },
     year = {2013b},
    month = sep,
   volume = 775,
      eid = {L11},
    pages = {L11},
      doi = {10.1088/2041-8205/775/1/L11},
   adsurl = {http://adsabs.harvard.edu/abs/2013ApJ...775L..11M},
  adsnote = {Provided by the SAO/NASA Astrophysics Data System}
}

@ARTICLE{mcq+13a,
   author = {{McQuillan}, A. and {Aigrain}, S. and {Mazeh}, T.},
    title = "{Measuring the rotation period distribution of field M dwarfs with Kepler}",
  journal = {MNRAS},
archivePrefix = "arXiv",
   eprint = {1303.6787},
 primaryClass = "astro-ph.SR",
 keywords = {methods: data analysis, stars: evolution, stars: low-mass, stars: magnetic field, stars: rotation},
     year = {2013a},
    month = jun,
   volume = 432,
    pages = {1203-1216},
      doi = {10.1093/mnras/stt536},
   adsurl = {http://adsabs.harvard.edu/abs/2013MNRAS.432.1203M},
  adsnote = {Provided by the SAO/NASA Astrophysics Data System}
}

@ARTICLE{nie+13,
   author = {{Nielsen}, M.~B. and {Gizon}, L. and {Schunker}, H. and {Karoff}, C.
	},
    title = "{Rotation periods of 12 000 main-sequence Kepler stars: Dependence on stellar spectral type and comparison with v sin i observations}",
  journal = {A\&A},
archivePrefix = "arXiv",
   eprint = {1305.5721},
 primaryClass = "astro-ph.SR",
 keywords = {stars: rotation, starspots, stars: late-type},
     year = 2013,
    month = sep,
   volume = 557,
      eid = {L10},
    pages = {L10},
      doi = {10.1051/0004-6361/201321912},
   adsurl = {http://adsabs.harvard.edu/abs/2013A%26A...557L..10N},
  adsnote = {Provided by the SAO/NASA Astrophysics Data System}
}

@ARTICLE{rei+13,
   author = {{Reinhold}, T. and {Reiners}, A. and {Basri}, G.},
    title = "{Rotation and differential rotation of active Kepler stars}",
  journal = {A\&A},
archivePrefix = "arXiv",
   eprint = {1308.1508},
 primaryClass = "astro-ph.SR",
 keywords = {stars: activity, stars: rotation, starspots},
     year = 2013,
    month = dec,
   volume = 560,
      eid = {A4},
    pages = {A4},
      doi = {10.1051/0004-6361/201321970},
   adsurl = {http://adsabs.harvard.edu/abs/2013A%26A...560A...4R},
  adsnote = {Provided by the SAO/NASA Astrophysics Data System}
}

@ARTICLE{rob+13,
   author = {{Roberts}, S. and {McQuillan}, A. and {Reece}, S. and {Aigrain}, S.},
    title = "{Astrophysically robust systematics removal using variational inference: application to the first month of Kepler data}",
  journal = {MNRAS},
     year = 2013,
   volume = 435,
    pages = {3639-3653}
}

@ARTICLE{smi+12,
   author = {{Smith}, J.~C. and {Stumpe}, M.~C. and {Van Cleve}, J.~E. and 
	{Jenkins}, J.~M. and {Barclay}, T.~S. and {Fanelli}, M.~N. and 
	{Girouard}, F.~R. and {Kolodziejczak}, J.~J. and {McCauliff}, S.~D. and 
	{Morris}, R.~L. and {Twicken}, J.~D.},
    title = "{Kepler Presearch Data Conditioning II - A Bayesian Approach to Systematic Error Correction}",
  journal = {PASP},
archivePrefix = "arXiv",
   eprint = {1203.1383},
 primaryClass = "astro-ph.IM",
 keywords = {Data Analysis and Techniques},
     year = 2012,
    month = sep,
   volume = 124,
    pages = {1000-1014},
      doi = {10.1086/667697},
   adsurl = {http://adsabs.harvard.edu/abs/2012PASP..124.1000S},
  adsnote = {Provided by the SAO/NASA Astrophysics Data System}
}

@ARTICLE{stu+12a,
   author = {{Stumpe}, M.~C. and {Smith}, J.~C. and {Van Cleve}, J.~E. and 
	{Twicken}, J.~D. and {Barclay}, T.~S. and {Fanelli}, M.~N. and 
	{Girouard}, F.~R. and {Jenkins}, J.~M. and {Kolodziejczak}, J.~J. and 
	{McCauliff}, S.~D. and {Morris}, R.~L.},
    title = "{Kepler Presearch Data Conditioning I - Architecture and Algorithms for Error Correction in Kepler Light Curves}",
  journal = {PASP},
archivePrefix = "arXiv",
   eprint = {1203.1382},
 primaryClass = "astro-ph.IM",
 keywords = {Data Analysis and Techniques},
     year = {2012a},
    month = sep,
   volume = 124,
    pages = {985-999},
      doi = {10.1086/667698},
   adsurl = {http://adsabs.harvard.edu/abs/2012PASP..124..985S},
  adsnote = {Provided by the SAO/NASA Astrophysics Data System}
}

@INPROCEEDINGS{stu+12b,
   author = {{Stumpe}, M.~C. and {Smith}, J.~C. and {Van Cleve}, J. and {Jenkins}, J.~M. and 
	{Barclay}, T.~S. and {Fanelli}, M.~N. and {Girouard}, F. and 
	{Kolodziejczak}, J. and {McCauliff}, S. and {Morris}, R.~L. and 
	{Twicken}, J.~D.},
    title = "{Multiscale Systematic Error Correction via Wavelet-Based Band Splitting and Bayesian Error Modeling in Kepler Light Curves}",
booktitle = {American Astronomical Society Meeting Abstracts \#220},
     year = {2012b},
   series = {American Astronomical Society Meeting Abstracts},
   volume = 220,
    month = may,
    pages = {330.04},
   adsurl = {http://adsabs.harvard.edu/abs/2012AAS...22033004S},
  adsnote = {Provided by the SAO/NASA Astrophysics Data System}
}

@ARTICLE{tam+05,
   author = {{Tamuz}, O. and {Mazeh}, T. and {Zucker}, S.},
    title = "{Correcting systematic effects in a large set of photometric light curves}",
  journal = {MNRAS},
   eprint = {astro-ph/0502056},
 keywords = {atmospheric effects, methods: data analysis, methods: statistical, techniques: photometric, surveys, planetary systems},
     year = 2005,
    month = feb,
   volume = 356,
    pages = {1466-1470},
      doi = {10.1111/j.1365-2966.2004.08585.x},
   adsurl = {http://adsabs.harvard.edu/abs/2005MNRAS.356.1466T},
  adsnote = {Provided by the SAO/NASA Astrophysics Data System}
}

@INPROCEEDINGS{twi+10b,
   author = {{Twicken}, J.~D. and {Clarke}, B.~D. and {Bryson}, S.~T. and 
	{Tenenbaum}, P. and {Wu}, H. and {Jenkins}, J.~M. and {Girouard}, F. and 
	{Klaus}, T.~C.},
    title = "{Photometric analysis in the Kepler Science Operations Center pipeline}",
booktitle = {Society of Photo-Optical Instrumentation Engineers (SPIE) Conference Series},
     year = {2010b},
   series = {Society of Photo-Optical Instrumentation Engineers (SPIE) Conference Series},
   volume = 7740,
    month = jul,
      eid = {774023},
      doi = {10.1117/12.856790},
   adsurl = {http://adsabs.harvard.edu/abs/2010SPIE.7740E..69T},
  adsnote = {Provided by the SAO/NASA Astrophysics Data System}
}

@INPROCEEDINGS{twi+10a,
   author = {{Twicken}, J.~D. and {Chandrasekaran}, H. and {Jenkins}, J.~M. and 
	{Gunter}, J.~P. and {Girouard}, F. and {Klaus}, T.~C.},
    title = "{Presearch data conditioning in the Kepler Science Operations Center pipeline}",
booktitle = {Society of Photo-Optical Instrumentation Engineers (SPIE) Conference Series},
     year = {2010a},
   series = {Society of Photo-Optical Instrumentation Engineers (SPIE) Conference Series},
   volume = 7740,
    month = jul,
      eid = {77401U},
      doi = {10.1117/12.856798},
   adsurl = {http://adsabs.harvard.edu/abs/2010SPIE.7740E..62T},
  adsnote = {Provided by the SAO/NASA Astrophysics Data System}
}

@Misc{KeplerArchiveManual,
  title = 	 {Kepler Archive Manual},
  author = 	 {{Thompson}, S. and {Fraquelli}, D. and {Nevitt}, R. and {Chow}, C. and {Gilliland}, R. and {Haas}, M.},
  month = 	 {April},
  year = 	 2012,
  note = 	 {KDMC-10008-004}, 
  version = 4,
  URL = {http://archive.stsci.edu/kepler/manuals/archive_manual.pdf}
}

@Misc{KeplerInstrumentHandbook,
  title = 	 {Kepler Instrument Handbook},
  author = 	 {{van Cleve}, J. and {Caldwell}, D. and {Thompson}, R. and {Haas}, M. and {Koch}, D. and {Borucki}, W.},
  year = 	 2009,
  month = 	 {July},
  note = 	 {KSCI-19033-001},
  URL = 	 {http://keplerscience.arc.nasa.gov/calibration/KSCI-19033-001.pdf}
}

@Misc{KeplerDataCharHandbook,
  author = 	 {{Christiansen}, J. and {Jenkins}, J. and {Haas}, M.},
  title = 	 {Kepler Data Characteristics Handbook},
  URL =  {http://archive.stsci.edu/kepler/manuals/Data_Characteristics.pdf},
  month = 	 {May},
  year = 	 2013,
  note = 	 {KSCI-19040-004}
}

@Misc{KeplerDataProcHandbook,
  author = 	 {{Fanelli}, M. and {Jenkins}, J. and {Haas}, M. and {Gautier}, T.},
  title = 	 {Kepler Data Processing Handbook},
  URL =  {http://archive.stsci.edu/kepler/manuals/KSCI-19081-001_Data_Processing_Handbook.pdf},
  month = 	 {April},
  year = 	 2011,
  note = 	 {KSCI-19081-001}
}

